@article{lierwater,
  title={Root water extraction and limiting soil hydraulic conditions estimated by numerical simulation},
  author={Quirijn de{\space}Jong{\space}van{\space}Lier and Klaas Metselaar and Jos C. van{\space}Dam},
  journal={Vadose Zone Journal},
  volume={5},
  number={4},
  pages={1264--1277},
  year={2006},
  publisher={Soil Science Society}
}

@article{liersolute,
  title={Root water extraction under combined water and osmotic stress},
  author={Quirijn de{\space}Jong{\space}van{\space}Lier and Jos C. van{\space}Dam and Klaas Metselaar},
  journal={Soil Science Society of America Journal},
  volume={73},
  number={3},
  pages={862--875},
  year={2009},
  publisher={Soil Science Society}
}

@article{willigen1,
  title={Mass flow and diffusion of nutrients to a root with constant or zero-sink uptake I. Constant uptake},
  author={Peter de{\space}Willigen and Meine van{\space}Noordwijk},
  journal={Soil science},
  volume={157},
  number={3},
  pages={162--170},
  year={1994},
  publisher={LWW}
}

@article{cushman,
title={An analytical solution to solute transport near root surfaces for low initial concentration: I. Equations development},
author={Cushman, John H.},
journal={Soil Science Society of America Journal},
volume={43},
number={6},
pages={1087--1090},
year={1979},
publisher={Soil Science Society of America}
}

@article{simunek,
  title={Modeling compensated root water and nutrient uptake},
  author={{\v{S}}imunek, Ji{\v{r}}{\'\i} and Hopmans, Jan W},
  journal={Ecological modelling},
  volume={220},
  number={4},
  pages={505--521},
  year={2009},
  publisher={Elsevier}
}

@article{raij,
  title={Accounting for Solution Composition in a Plant Roots Active Nutrient Uptake Model},
  author={Raij, Iael and Lazarovitch, Naftali and Ben-Gal, Alan and Yermiyahu, Uri and Jacques, Diederik},
  booktitle={Proceedings of the 4 International Conference HYDRUS Software Applications to Subsurface Flow and Contaminant Transport Problems, Prague, Czech Republic},
  pages={21--22},
  year={2013}
}

@techreport{ungs,
  title={Effect of temperature on nutritional requirements of plants},
  author={Ungs, Michael J and Boersma, L and Akratanakul, Suntaree},
  year={1982},
  institution={Corvallis, Or.: Oregon State University, Agricultural Experiment Station}
}

@article{schroder,
  title={Effect of root water and solute uptake on apparent soil dispersivity: A simulation study},
  author={Schr{\"o}der, Natalie and Javaux, Mathieu and Vanderborght, Jan and Steffen, Bernhard and Vereecken, Harry},
  journal={Vadose Zone Journal},
  volume={11},
  number={3},
  year={2012},
  publisher={The Soil Science Society of America, Inc.}
}

@article{silberbush,
  title={A model for nutrient and water flow and their uptake by plants grown in a soilless culture},
  author={Silberbush, M and Ben-Asher, J and Ephrath, JE},
  journal={Plant and soil},
  volume={271},
  number={1-2},
  pages={309--319},
  year={2005},
  publisher={Springer}
}

@article{fried,
  title={Soil-plant relationships in ion uptake},
  author={Fried, Maurice and Shapiro, Raymond E},
  journal={Annual Review of Plant Physiology},
  volume={12},
  number={1},
  pages={91--112},
  year={1961},
  publisher={Annual Reviews 4139 El Camino Way, PO Box 10139, Palo Alto, CA 94303-0139, USA}
}

@article{nye,
  title={A theoretical study of the distribution of substances around roots resulting from simultaneous diffusion and mass flow},
  author={Nye, PH and Marriott, FHC},
  journal={Plant and Soil},
  volume={30},
  number={3},
  pages={459--472},
  year={1969},
  publisher={Springer}
}

@article{roose,
  title={A mathematical model of plant nutrient uptake},
  author={Roose, Tiina and Fowler, AC and Darrah, PR},
  journal={Journal of mathematical biology},
  volume={42},
  number={4},
  pages={347--360},
  year={2001},
  publisher={Springer}
}
@article{feddes,
  title={Parameterizing the soil--water--plant root system},
  author={Feddes, RA and Raats, PAC},
  journal={Unsaturated-zone modeling: Progress, challenges, and applications. Wageningen UR Frontis Ser},
  volume={6},
  pages={95--141},
  year={2004}
}
@article{raats,
  title={Uptake of water from soils by plant roots},
  author={Raats, PAC},
  journal={Transport in porous media},
  volume={68},
  number={1},
  pages={5--28},
  year={2007},
  publisher={Springer}
}
@article{wosten,
  title={Waterretentie-en doorlatendheidskarakteristieken van boven-en ondergronden in Nederland: de Staringsreeks},
  author={W{\"o}sten, JHM and Veerman, GJ and De Groot, WJM and Stolte, J},
  year={2001},
  publisher={Alterra, Research Instituut voor de Groene Ruimte}
}
@article{roose2009,
  title={The solution of convection--diffusion equations for solute transport to plant roots},
  author={Roose, T and Kirk, GJD},
  journal={Plant and soil},
  volume={316},
  number={1-2},
  pages={257--264},
  year={2009},
  publisher={Springer}
}
@book{campbell,
  title={Soil physics with BASIC: transport models for soil-plant systems},
  author={Campbell, Gaylon S},
  volume={14},
  year={1985},
  publisher={Elsevier}
}
